<?xml version="1.0" encoding="UTF-8"?><collection><record><leader>09001ntm a2200613 a 4500</leader><controlfield tag="001">005226776</controlfield><controlfield tag="003">MiAaHDL</controlfield><controlfield tag="005">20190719000000.0</controlfield><controlfield tag="006">m        d        </controlfield><controlfield tag="007">cr bn ---auaua</controlfield><controlfield tag="008">060524q12uu13uu|||           000 0 ara  </controlfield><datafield tag="035" ind1=" " ind2=" "><subfield code="a">(MiU)005226776</subfield></datafield><datafield tag="035" ind1=" " ind2=" "><subfield code="a">sdr-miu005226776</subfield></datafield><datafield tag="035" ind1=" " ind2=" "><subfield code="a">(OCoLC)81282228</subfield></datafield><datafield tag="035" ind1=" " ind2=" "><subfield code="a">(RLIN)MIUG06-B2185</subfield></datafield><datafield tag="040" ind1=" " ind2=" "><subfield code="a">MiU</subfield><subfield code="c">MiU</subfield></datafield><datafield tag="100" ind1="0" ind2=" "><subfield code="6">880-01</subfield><subfield code="a">Ḥarīrī,</subfield><subfield code="d">1054-1122.</subfield></datafield><datafield tag="240" ind1="1" ind2="0"><subfield code="6">880-02</subfield><subfield code="a">Maqāmāt</subfield></datafield><datafield tag="245" ind1="1" ind2="0"><subfield code="6">880-03</subfield><subfield code="a">Kitāb Maqāmāt al-Ḥarīrī,</subfield><subfield code="f">[late 13th or 14th century?].</subfield></datafield><datafield tag="260" ind1=" " ind2=" "><subfield code="c">[12-- or 13--?]</subfield></datafield><datafield tag="300" ind1=" " ind2=" "><subfield code="a">152 leaves ;</subfield><subfield code="c">200 x 155 (175 x 120) mm.</subfield></datafield><datafield tag="500" ind1=" " ind2=" "><subfield code="a">Origin: Lacks dated colophon, though paper would suggest late 13th (final decade) or 14th century.</subfield></datafield><datafield tag="500" ind1=" " ind2=" "><subfield code="a">Accompanying materials: a. Inventory cataloguing slip in hand of Winifred Smeaton Thomas. -- b. Acquisitions slip from Yahuda. -- c. Slip with notes in German (following p.68), including general description of the codex and claiming that, from the 24 maqāmah onwards, the text includes an otherwise unknown commentary written by al-Ḥarīrī himself ; N. Gardiner believes this refers to the three sections marked تفسير, the first of which appears immediately following the 24 maqāmah ; these texts do in fact appear in the printed edition.</subfield></datafield><datafield tag="500" ind1=" " ind2=" "><subfield code="a">Former shelfmark: From inner front cover and spine label, "IL 353" (likely supplied by Yahuda, see acquisitions slip) ; from red-bordered label on upper cover, "۱٦".</subfield></datafield><datafield tag="500" ind1=" " ind2=" "><subfield code="a">Binding: Pasteboards covered in European laid paper (over stamped scalloped mandorla) with spine and edges/turn-ins in dark brown leather ; Type II binding (with flap, though now missing) ; board-linings in European laid paper (tre lune watermark visible) ; sewn in yellow thread, two stations, primaries in red ; in poor condition with much staining and abrasion with significant losses to covers ; spine is damaged at the head and tail ; endbands are entirely gone ; most threads are broken and the majority of the leaves are loose ; many of the bifolia have split ; housed in box for protection.</subfield></datafield><datafield tag="500" ind1=" " ind2=" "><subfield code="a">Support: non-European (Arab) laid paper with 20 laid lines in 32 mm. or 6 laid lines per cm. (horizontal) ; chain lines are difficult to distinguish but a set of 3 with 15-16 mm. between lines can be seen ; replacement folia in another Oriental laid paper, but with lines too indistinct to measure ; some pest damage to some leaves, though not so badly as to obscure text ; edges of a number of leaves are badly damaged.</subfield></datafield><datafield tag="500" ind1=" " ind2=" "><subfield code="a">Decoration: Text rubricated with section headings (for each maqāmah, occasional sections of tafsīr) in red.</subfield></datafield><datafield tag="500" ind1=" " ind2=" "><subfield code="a">Script: Naskh ; a few graceful Syrian and or Egyptian hands ; primary hand is a highly readable naskh, probably Egyptian, plainly very old (13th-14th century), fully pointed and vowelled, with shaddah, hamzah, etc. ; hands of the replacement folia at the beginning and end of the textblock another very nice naskh, probably Egyptian and no later than 16th century, fully pointed and mostly vowelled, with shaddah, hamzah, etc. ; replacement folia from p.21-24 in a distinct hand, larger, more extended in the horizontal, likewise fully pointed and vowelled.</subfield></datafield><datafield tag="500" ind1=" " ind2=" "><subfield code="a">Layout: Written in 15 lines per page ; single column divided to set off poetry ; frame-ruled.</subfield></datafield><datafield tag="500" ind1=" " ind2=" "><subfield code="a">Collation: ii, IV (8), I (10), V-1 (19), 2 V(39), V-1 (48), V (58), V-1 (67), 2 V(87), IV (95), 2 III(107), I (109), V (119), V-3 (126), I (128), VII (142), V (152), ii ; chiefly quinions ; leaves appear to be missing from the quires 13, 14, 17 and 18 ; catchwords lacking ; pagination in pencil, Western numerals, supplied during digitization (includes flyleaves and insert).</subfield></datafield><datafield tag="500" ind1=" " ind2=" "><subfield code="a">Explicit: "ويحظي بالعفو انه هو اهل التقوي واهل المغفرة وولي الخيرات في الدنيا والآخرة. هذا اخر المقامات التي انشأتها بالاغترار ... والحمد لله على نعمائه والصلوة والسلام على خير انبيائه ومبلغ انبائه وعلى آله وصحبه واوليائه تم الكتاب بحمد وحسن توفيقه قابلته فصححته الا ما زاغ عنه البصر. ويتلو المقامات رسالتان ايضا على التزام حرف السين والشين في كل كلمة ... ويشرح ويشدخ بمشيته الشديد البطش الشامخ العرش وتشريفه لبشير البشر والشفيع المشفع في المحشر تمت والحمد لله وحده"</subfield></datafield><datafield tag="500" ind1=" " ind2=" "><subfield code="a">Incipit: "قال الشيخ الرئيس ابو محمد القاسم بن علي بن محمد بن عثمان الحريري البصري رضى الله عنه اللهم انا نحمدك على ما علمت من البيان والهمت من التبيان كما نحمدك على ما اسبغت من العطاء واسبلت من الغطاء ونعوذ بك من شرة اللسن وفضول الهذر ..."</subfield></datafield><datafield tag="500" ind1=" " ind2=" "><subfield code="a">Title from inscription on front flyleaf (p.1).</subfield></datafield><datafield tag="500" ind1=" " ind2=" "><subfield code="a">Ms. codex.</subfield></datafield><datafield tag="510" ind1="4" ind2=" "><subfield code="a">Humbert, G. "Papiers non-filigranés utilisés au proche-orient jusqu'en 1450: essai en typologie."</subfield><subfield code="c">Journal asiatique, 286, no.1 (1998): 1-54.</subfield></datafield><datafield tag="510" ind1="4" ind2=" "><subfield code="a">Ḥājjī Khalīfah. Kashf al-ẓunūn,</subfield><subfield code="c">vi 57-8</subfield></datafield><datafield tag="510" ind1="4" ind2=" "><subfield code="a">Brockelmann, C. GAL,</subfield><subfield code="c">I, 276</subfield></datafield><datafield tag="520" ind1="8" ind2=" "><subfield code="a">Elegant copy of al-Ḥarīrī's celebrated Maqāmāt or Sessions modeled after those of al-Hamadhānī, accompanied by brief commentary and followed by two brief epistles (even maqāmahs) in which the letters sīn and shīn appear in every word of the respective passage. Description provided by Noah Gardiner.</subfield></datafield><datafield tag="538" ind1=" " ind2=" "><subfield code="a">Mode of access: Internet.</subfield></datafield><datafield tag="541" ind1=" " ind2=" "><subfield code="a">Acquired in 1926 from the bookseller Isaac Benjamin S.E. Yahuda via purchase transacted on his behalf by Abraham Shalom Yahuda (1877-1951), his younger brother.</subfield></datafield><datafield tag="546" ind1=" " ind2=" "><subfield code="a">Arabic.</subfield></datafield><datafield tag="561" ind1=" " ind2=" "><subfield code="a">Numerous ownership marks and study/reading notes ; an almond-shaped seal impression appears on p.3 and p.314 in the name of Muḥammad al-ʻAlamī, ownership statements in his name appear on p.3 "دخل في نوبة العبد ... محمد [العلمي؟] " and p.5 "الحمد لله ... في نوبة العبد الفقير الى الله تعالى المرجي عفو ربه وغفرانه محمد العلمي عامله الله باحسانه" ; two rectangular octagonal seal impressions appear on p.3 ; on p.5 ownership statements and on p.310 a reading note in the name of Aḥmad ibn al-Shaykh Muḥammad ibn Muslim al-Tūnisī al-Ḥanafī ; on p.5 inscription with quote from al-Zamakhsharī's criticism: "اقسم بالله واياته ومشعر الحج وميقاته ان الحريري حري بان تكتب بالتبر مقاماته" ; kabīkaj invocation on p.5"يا كبيكج يا كبيكج يا كبيكج" ; another reading note on p.310 appears to be dated opening of the year 854 [1450] (with numeral khamsah in the form looking like reversed 'B') "طالع في هذه المقامات المباركة العبد الفقير الى الله تعالى والراجي عفوه تغري بردي بن عبد الله الزيني الملكي الظاهري في مستهل سنة ۸٤۴ [؟] وهي على ملك الشيخ زين الدين ابو بكر الحلبي الشهير بابن النحلاوي" ; on p.314 a few dated reading notes, one a reader from Latakia (Lādhiqīyah) "احمد اغا ... اغا برنجي زاده" dated 10 Rajab 1246 [December 1830] and the other "السيد صالح بن المرحوم السيد اسماعيل جربجي مهايني" dated 3 Rajab [?] 1235 [?] [ca. 16 April 1820?] ; corrections appear throughout in a number of hands ; collation statement appears on p.128 ; numerous excerpts of poetry, hadith, etc. scattered throughout (description with contribution from B. Liebrenz and F. Bauden).</subfield></datafield><datafield tag="650" ind1=" " ind2="0"><subfield code="a">Manuscripts, Arabic</subfield><subfield code="z">Michigan</subfield><subfield code="z">Ann Arbor.</subfield></datafield><datafield tag="650" ind1=" " ind2="0"><subfield code="a">Arabic prose literature</subfield><subfield code="v">Early works to 1800.</subfield></datafield><datafield tag="700" ind1="0" ind2=" "><subfield code="6">880-07</subfield><subfield code="a">Zayn al-Dīn Abū Bakr al-Ḥalabī,</subfield><subfield code="c">Ibn al-Naḥlāwī.</subfield><subfield code="d">fl.1450?,</subfield><subfield code="e">former owner.</subfield></datafield><datafield tag="700" ind1="0" ind2=" "><subfield code="6">880-06</subfield><subfield code="a">Aḥmad ibn al-Shaykh Muḥammad ibn Muslim al-Tūnisī al-Ḥanafī.</subfield><subfield code="e">former owner.</subfield></datafield><datafield tag="700" ind1="0" ind2=" "><subfield code="6">880-05</subfield><subfield code="a">Muḥammad al-ʻAlamī.</subfield><subfield code="e">former owner.</subfield></datafield><datafield tag="773" ind1="0" ind2=" "><subfield code="a">Yahuda Collection.</subfield></datafield><datafield tag="880" ind1="0" ind2=" "><subfield code="6">700-07/</subfield><subfield code="a">زين الدين ابو بكر الحلبي،</subfield><subfield code="c">ابن النحلاوي،</subfield><subfield code="e">مالك سابق.</subfield></datafield><datafield tag="880" ind1="0" ind2=" "><subfield code="6">700-06/</subfield><subfield code="a">احمد بن الشيخ محمد بن مسلم التونسي الحنفي،</subfield><subfield code="e">مالك سابق.</subfield></datafield><datafield tag="880" ind1="0" ind2=" "><subfield code="6">700-05/</subfield><subfield code="a">محمد العلمي،</subfield><subfield code="e">مالك سابق.</subfield></datafield><datafield tag="880" ind1="1" ind2="0"><subfield code="6">245-03/</subfield><subfield code="a">كتاب مقامات الحريري,</subfield><subfield code="f">[اواخر القرن 13م او القرن 14م؟].</subfield></datafield><datafield tag="880" ind1="1" ind2="0"><subfield code="6">240-02/</subfield><subfield code="a">مقامات</subfield></datafield><datafield tag="880" ind1="0" ind2=" "><subfield code="6">100-01/</subfield><subfield code="a">حريري.</subfield></datafield><datafield tag="CID" ind1=" " ind2=" "><subfield code="a">005226776</subfield></datafield><datafield tag="DAT" ind1="0" ind2=" "><subfield code="a">20190719102633.0</subfield><subfield code="b">20190719000000.0</subfield></datafield><datafield tag="DAT" ind1="1" ind2=" "><subfield code="a">20190719090653.0</subfield><subfield code="b">2019-07-19T16:11:04Z</subfield></datafield><datafield tag="DAT" ind1="2" ind2=" "><subfield code="a">2015-10-02T18:00:03Z</subfield></datafield><datafield tag="CAT" ind1=" " ind2=" "><subfield code="a">SDR-MIU</subfield><subfield code="d">EX LIBRIS - ALEPH</subfield><subfield code="l">prepare.pl-004-008</subfield></datafield><datafield tag="FMT" ind1=" " ind2=" "><subfield code="a">BK</subfield></datafield><datafield tag="HOL" ind1=" " ind2=" "><subfield code="0">sdr-miu005226776</subfield><subfield code="a">MiU</subfield><subfield code="b">SDR</subfield><subfield code="c">MIU</subfield><subfield code="p">mdp.39015081446489</subfield><subfield code="s">MIU</subfield><subfield code="1">005226776</subfield></datafield><datafield tag="974" ind1=" " ind2=" "><subfield code="b">MIU</subfield><subfield code="c">MIU</subfield><subfield code="d">20190719</subfield><subfield code="s">lit-dlps-dc</subfield><subfield code="u">mdp.39015081446489</subfield><subfield code="y">1399</subfield><subfield code="r">pd</subfield><subfield code="q">bib</subfield><subfield code="t">non-US bib date2 &lt; 1896</subfield></datafield></record></collection>